@INPROCEEDINGS{Raj10, 
 author={R. Rajkumar and I. Lee and L. Sha and J. Stankovic}, 
 booktitle={Design Automation Conference}, 
 title={Cyber-physical systems: The next computing revolution}, 
 year={2010}, 
 pages={731-736}, 
 keywords={Internet;power engineering computing;power grids;social aspects of automation;user interfaces;Internet;cross-disciplinary community;cyber physical system;healthcare;human interaction;next computing revolution;Communication system control;Control systems;Humans;Internet;Manufacturing;Monitoring;Physics computing;Power generation economics;Systems engineering and theory;Transportation;computer science;cyber-physical systems;engineering;grand challenges;new frontiers}, 
 doi={10.1145/1837274.1837461}, 
 ISSN={0738-100X}, 
 month={June},}

@INPROCEEDINGS{Lit08, 
 author={J. Littlefield-Lawwill and L. Kinnan}, 
 booktitle={2008 IEEE/AIAA 27th Digital Avionics Systems Conference}, 
 title={System considerations for robust time and space partitioning in Integrated Modular Avionics}, 
 year={2008}, 
 pages={1.B.1-1-1.B.1-11}, 
 keywords={aerospace computing;avionics;operating systems (computers);ARINC 653 open standard;DO-178B;VxWorks 653 real-time operating system;Wind River's;aircraft certification;direct memory access;integrated modular avionics;interrupts;space partitioning;system Input/Output;time partitioning;Aerospace electronics;Aircraft;Certification;Guidelines;Hardware;Real time systems;Robustness;Standards development;Time factors;Wind}, 
 doi={10.1109/DASC.2008.4702751}, 
 ISSN={2155-7195}, 
 month={Oct},}

@Inbook{ILP,
author="Venugopalan, Sarad
and Sinnen, Oliver",
editor="Xiang, Yang
and Stojmenovic, Ivan
and Apduhan, Bernady O.
and Wang, Guojun
and Nakano, Koji
and Zomaya, Albert",
title="Optimal Linear Programming Solutions for Multiprocessor Scheduling with Communication Delays",
bookTitle="Algorithms and Architectures for Parallel Processing: 12th International Conference, ICA3PP 2012, Fukuoka, Japan, September 4-7, 2012, Proceedings, Part I",
year="2012",
publisher="Springer Berlin Heidelberg",
address="Berlin, Heidelberg",
pages="129--138",
isbn="978-3-642-33078-0",
doi="10.1007/978-3-642-33078-0_10",
url="http://dx.doi.org/10.1007/978-3-642-33078-0_10",
}

@misc{do178c,
    author = {of RTCA, Special C.},
    citeulike-article-id = {10751058},
    institution = {Special Committee 205 of RTCA},
    keywords = {safety},
    posted-at = {2012-06-06 11:21:34},
    priority = {2},
    title = {{DO-178C}, Software Considerations in Airborne Systems and Equipment Certification},
    year = {2011},
}

@misc{arinc653,
	author = {Aeronautical Radio Inc (ARINC)},
    title = {{ARINC 653}, Avionics Application Software Standard Interface},
}

@article{Ptolemy,
    author = {Johan Eker and Jorn W Janneck and Edward A. Lee
              and Jie Liu and Xiaojun Liu and Jozsef Ludvig and
              Sonia Sachs and Yuhong Xiong and Stephen
              Neuendorffer},
    title = { Taming heterogeneity - the Ptolemy approach},
    journal = {Proceedings of the IEEE},
    volume = {91},
    number = {1},
    pages = {127-144},
    year = {2003},
    URL = {http://chess.eecs.berkeley.edu/pubs/488.html},
}

@book{Ptolemy2,
  title={System design, modeling, and simulation: using Ptolemy II},
  author={Ptolemaeus, Claudius},
  year={2014},
  publisher={Ptolemy. org Berkeley}
}

@Misc{BerkleyCPS,
  Title  = {Cyber-Physical Systems Conceptual Map},
  Note   = "\url{http://cyberphysicalsystems.org/}",
  year = 2012,
}

@inproceedings{tres,
  title={TRES: a modular representation of schedulers, tasks, and messages to control simulations in simulink},
  author={Cremona, Fabio and Morelli, Matteo and Di Natale, Marco},
  booktitle={Proceedings of the 30th Annual ACM Symposium on Applied Computing},
  pages={1940--1947},
  year={2015},
  organization={ACM}
}

@article{burnsMCS,
  title={Mixed criticality systems-a review},
  author={Burns, Alan and Davis, Robert},
  journal={Department of Computer Science, University of York, Tech. Rep},
  year={2013},
}

@ARTICLE{MCSmisconception, 
author={R. Ernst and M. Di Natale}, 
journal={IEEE Design Test}, 
title={Mixed Criticality Systems - A History of Misconceptions?}, 
year={2016}, 
volume={33}, 
number={5}, 
pages={65-74}, 
keywords={embedded systems;safety-critical software;MCS design;industrial design practice;mixed criticality systems;safety-critical embedded system;Market research;Mixed analog digital integrated circuits;System design and analysis}, 
doi={10.1109/MDAT.2016.2594790}, 
ISSN={2168-2356}, 
month={Oct},}

@inproceedings{MCSNPhard,
  title={Mixed criticality schedulability analysis is highly intractable},
  author={Sanjoy Baruah},
  year={2009},
}

@inproceedings{Anderson09,
  title={Multicore Operating-System Support for Mixed Criticality},
  author={James H. Anderson and Sanjoy K. Baruah and Bj{\"{o}}rn B. Brandenburg},
  year={2009},
}

@inproceedings{Mollison10,
 author = {Mollison, Malcolm S. and Erickson, Jeremy P. and Anderson, James H. and Baruah, Sanjoy K. and Scoredos, John A.},
 title = {Mixed-Criticality Real-Time Scheduling for Multicore Systems},
 booktitle = {Proceedings of the 2010 10th IEEE International Conference on Computer and Information Technology},
 series = {CIT '10},
 year = {2010},
 isbn = {978-0-7695-4108-2},
 pages = {1864--1871},
 numpages = {8},
 url = {http://dx.doi.org/10.1109/CIT.2010.320},
 doi = {10.1109/CIT.2010.320},
 acmid = {1901118},
 publisher = {IEEE Computer Society},
 address = {Washington, DC, USA},
 keywords = {mixed criticality, multicore real-time scheduling},
} 

@inproceedings{Kritikakou14,
  title={Distributed run-time WCET controller for concurrent critical tasks in mixed-critical systems},
  author={Angeliki Kritikakou and Christine Rochange and Madeleine Faug{\`e}re and Claire Pagetti and Matthieu Roy and Sylvain Girbal and Daniel Gracia P{\'e}rez},
  booktitle={RTNS},
  year={2014},
}

@inproceedings{Baruah2012EDFVD ,
  title={The Preemptive Uniprocessor Scheduling of Mixed-Criticality Implicit-Deadline Sporadic Task Systems},
  author={Sanjoy K. Baruah and Vincenzo Bonifaci and Gianlorenzo D'Angelo and Haohan Li and Alberto Marchetti-Spaccamela and Suzanne van der Ster and Leen Stougie},
  booktitle={ECRTS},
  year={2012},
}

@inproceedings{Zhang2014,
  title={On the analysis of EDF-VD scheduled mixed-criticality real-time systems},
  author={Tianyu Zhang and Nan Guan and Qingxu Deng and Wang Yi},
  booktitle={Proceedings of the 9th IEEE International Symposium on Industrial Embedded Systems (SIES 2014)},
  year={2014},
}

@Article{Gracioli2013,
author="Gracioli, Giovani and Fr{\"o}hlich, Ant{\^o}nio Augustoand Pellizzoni, Rodolfo and Fischmeister, Sebastian", 
title="Implementation and evaluation of global and partitioned scheduling in a real-time OS",
journal="Real-Time Systems",
year="2013",
volume="49",
number="6",
pages="669--714",
issn="1573-1383",
doi="10.1007/s11241-013-9183-3",
url="http://dx.doi.org/10.1007/s11241-013-9183-3",
}

@Misc{Melani,
  Title  = {Global scheduling in multiprocessor real-time systems},
  Note   = "\url{http://cyberphysicalsystems.org/}",
}

@MISC {mulcors,
    author = "Xavier Jean, Marc Gatti Guy Berthon, Marc Fumey",
    title  = "The Use of Multicore Processors in Airborne Systems (MULCORS)",
    year   = "2012",
    Note   = "\url{https://www.easa.europa.eu/document-library/research-projects/easa20116}",
}

@article{embeddedvmstate,
  title={A state-of-the-art survey on real-time issues in embedded systems virtualization},
  author={Gu, Zonghua and Zhao, Qingling},
  year={2012},
  publisher={Scientific Research Publishing},
}

@inproceedings{LockheedMartinVMIMA,
  title={Applying virtualization to avionics systemsâ€”The integration challenges},
  author={Gaska, Thomas and Werner, Brian and Flagg, David},
  booktitle={Digital Avionics Systems Conference (DASC), 2010 IEEE/AIAA 29th},
  pages={5--E},
  year={2010},
  organization={IEEE},
}

% -- OSs --
@MISC {LynxOS,
    title  = "LynxOS-178 Certified RTOS.",
    Note   = "\url{http://www.lynx.com/products/}",
}
@MISC {INTEGRITY178B,
    title  = "Green Hills INTEGRITY-178B.",
    Note   = "\url{http://www.ghs.com/products/safety_critical/integrity-do-178b.html}",
}
@MISC {VxWorks,
    title  = "Wind River Hypervisor.",
    Note   = "\url{http://www.windriver.com/products/hypervisor}",
}
@MISC {RTGmbH,
    title  = "Real-Time Systems GmbH.",
    Note   = "\url{http://www.real-time-systems.com}",
}
@MISC {eVM,
    title  = "Tenasys eVM for Windows.",
    Note   = "\url{http://www.tenasys.com/products/evm.php}",
}
@MISC {NIHypervisor,
    title  = "NI Real-Time Hypervisor.",
    Note   = "\url{http://www.ni.com/pdf/manuals/375174b.pdf.}",
}
@MISC {COQOS,
    title  = "OpenSynergy COQOS.",
    Note   = "\url{http://www.opensynergy.com/en/Products/COQOS}",
}
@MISC {EneaHypervisor,
    title  = "Enea Hypervisor.",
    Note   = "\url{http://www.enea.com/software/products/hypervisor}",
}
@MISC {PikeOS,
    title  = "SysGO GmbH.",
    Note   = "\url{http://www.sysgo.com}",
}

@MISC{xenZynq,
    title  = "Xen Zynq Hypervisor",
    Note   = "\url{http://www.wiki.xilinx.com/XEN+Hypervisor}",
}

% -- -- --

% -- MBD products --
@MISC {Simulink,
    title  = "Simulink.",
    Note   = "\url{http://www.mathworks.com/products/simulink/}",
}
@MISC {Scade,
    title  = "Scade.",
    Note   = "\url{http://www.esterel-technologies.com/products/scade-suite/}",
}
@MISC {Labview,
    title  = "NI Labview.",
    Note   = "\url{http://www.ni.com/labview/}",
}
@MISC {Modeler,
    title  = "Modeler.",
    Note   = "\url{http://www.mathworks.com/products/simulink/}",
}
@MISC {Scicos,
    title  = "Scicos.",
    Note   = "\url{http://www.scicos.org/}",
}
% -- -- --

@MISC {emc2artemis,
    title  = "Artemis EMC2 European Project.",
    Note   = "\url{http://www.artemis-emc2.eu/}",
}

@INPROCEEDINGS{multipartes, 
 author={S. Trujillo and A. Crespo and A. Alonso}, 
 booktitle={2013 Euromicro Conference on Digital System Design}, 
 title={MultiPARTES: Multicore Virtualization for Mixed-Criticality Systems}, 
 year={2013}, 
 pages={260-265}, 
 doi={10.1109/DSD.2013.37}, 
 month={Sept},}
 
@article{popek1974formal,
  title={Formal requirements for virtualizable third generation architectures},
  author={Popek, Gerald J and Goldberg, Robert P},
  journal={Communications of the ACM},
  volume={17},
  number={7},
  pages={412--421},
  year={1974},
  publisher={ACM},
}

@incollection{Kleidermacher2013,
title = "Chapter 7 - System Virtualization in Multicore Systems ",
editor = "Moyer, Bryon ",
booktitle = "Real World Multicore Embedded Systems ",
publisher = "Newnes",
edition = "",
address = "Oxford",
year = "2013",
pages = "227 - 267",
isbn = "978-0-12-416018-7",
doi = "http://dx.doi.org/10.1016/B978-0-12-416018-7.00007-9",
url = "http://www.sciencedirect.com/science/article/pii/B9780124160187000079",
author = "David Kleidermacher",
}

@article{vmwarevirtualization,
  title={Understanding full virtualization, paravirtualization and hardware assist},
  author={Horne, Chris},
  journal={White paper, VMware Inc},
  year={2007},
}

@inproceedings{practicalmicrokernel,
  title={A practical look at micro-kernels and virtual machine monitors},
  author={Armand, Fran{\c{c}}ois and Gien, Michel},
  booktitle={Consumer Communications and Networking Conference, 2009. CCNC 2009. 6th IEEE},
  pages={1--7},
  year={2009},
  organization={IEEE}
}

@incollection{mbdaerospaceverification,
  title={Towards scalable verification of commercial avionics software},
  author={Bhatt, Devesh and Madl, Gabor and Oglesby, David and Schloegel, Kirk},
  booktitle={AIAA Infotech@ Aerospace 2010},
  pages={3452},
  year={2010}
}

@MISC{zedboard,
    title  = "Xilinx ZedBoard All Programmable System on Chip.",
    Note   = "\url{http://zedboard.org/product/zedboard}",
}

@MISC{FMCMOTCON2,
    title  = "Analog Device AD-FMCMOTCON2-EBZ motor evaluation kit.",
    Note   = "\url{http://www.analog.com/en/design-center/evaluation-hardware-and-software/evaluation-boards-kits/Eval-FMCMOTCON2.html}",
}

@MISC{PikeosScheduling,
	title = "PikeOS Safe Real-Time Scheduling. Adaptive Time-Partitioning Scheduler for EN 50128 certified Multi-Core Platforms.",
    Note = "SYSGO Whitepaper",
}

@book{buttazzoRT,
  title={Hard real-time computing systems: predictable scheduling algorithms and applications},
  author={Buttazzo, Giorgio},
  volume={24},
  year={2011},
  publisher={Springer Science \& Business Media}
}

@book{blazewiczScheduling,
  title={Scheduling Computer and Manufacturing Processes},
  author={B{\l}a{\.z}ewicz, Jacek and Ecker, Klaus H and Pesch, Erwin and Schmidt, G{\"u}nter and Weglarz, Jan},
  year={2013},
  publisher={Springer Science \& Business Media}
}

@article{LRKB77,
  title={Complexity of Machine Scheduling Problems},
  author={Lenstra, Jan Karel and Kan, AHG Rinnooy and Brucker, Peter},
  journal={Annals of discrete mathematics},
  volume={1},
  pages={343--362},
  year={1977},
  publisher={Elsevier}
}

@article{bratleyScheduling,
  title={Scheduling with Earliest Start and Due Date Constraints},
  author={Bratley, Paul and Florian, Michael and Robillard, Pierre},
  journal={Naval Research Logistics Quarterly},
  volume={18},
  number={4},
  pages={511--519},
  year={1971},
  publisher={Wiley Online Library}
}

@inproceedings{polyLP,
  title={A New Polynomial-time Algorithm for Linear Programming},
  author={Karmarkar, Narendra},
  booktitle={Proceedings of the sixteenth annual ACM symposium on Theory of computing},
  pages={302--311},
  year={1984},
  organization={ACM}
}

@MISC{SFunctions,
    title  = "Simulink Engine Interaction with C S-Functions.",
    Note   = "\url{https://www.mathworks.com/help/simulink/sfg/how-the-simulink-engine-interacts-with-c-s-functions.html}",
}

@MISC{BlockTLC,
    title  = "Block Target File Methods.",
    Note   = "\url{https://www.mathworks.com/help/rtw/tlc/block-target-file-methods.html?searchHighlight=BlockInstanceSetup&s_tid=doc_srchtitle}",
}

@BOOK{PeterCorke2011,
title = {Robotics, Vision and Control Fundamental Algorithms in MATLAB},
publisher = {Berlin: Springer},
year = {2011},
author = {Peter Corke.},
isbn = {9783642201448},
series = {1. ed. 2011, corr. 2. print.},
url = {http://www.worldcat.org/oclc/755906687?referer=xid},
language = {eng},
lccn = {2011934624},
}

@misc{MorelliSee,
  author = {Matteo Morelli},
  title = {Simple Simulink to Ecore Exporter},
  year = {2015},
  publisher = {GitHub},
  journal = {GitHub repository},
  howpublished = {\url{https://github.com/m-morelli/see_simple}},
}

@book{separationkernel,
  title={Design and verification of secure systems},
  author={Rushby, John M},
  volume={15},
  number={5},
  year={1981},
  publisher={ACM}
}

@MISC{mils,
    author = {EURO-MILS},
    title = {Secure European Virtualisation for Trustworthy Applications in Critical Domains, Common Criteria Protection Profile},
    year = {2015},
}

@book{grama2003,
  title={Introduction to parallel computing},
  author={Grama, Ananth},
  year={2003},
  publisher={Pearson Education}
}

@article{speedup,
  title={Speedup versus efficiency in parallel systems},
  author={Eager, Derek L and Zahorjan, John and Lazowska, Edward D},
  journal={IEEE Transactions on Computers},
  volume={38},
  number={3},
  pages={408--423},
  year={1989},
  publisher={IEEE}
}

@incollection{dependability,
  title={Dependability: Basic concepts and terminology},
  author={Laprie, Jean-Claude},
  booktitle={Dependability: Basic Concepts and Terminology},
  pages={3--245},
  year={1992},
  publisher={Springer}
}

@MISC{sysml,
    title  = "SysML.",
    Note   = "\url{http://www.omgsysml.org/}",
}

@MISC{acceleo,
    title  = "Acceleo.",
    Note   = "\url{http://www.eclipse.org/acceleo/}",
}

@INPROCEEDINGS{robustpartitioning, 
 author={X. Jean and D. Faura and M. Gatti and L. Pautet and T. Robert}, 
 booktitle={2012 IEEE/AIAA 31st Digital Avionics Systems Conference (DASC)}, 
 title={Ensuring robust partitioning in multicore platforms for IMA systems}, 
 year={2012}, 
 pages={7A4-1-7A4-9}, 
 doi={10.1109/DASC.2012.6382408}, 
 ISSN={2155-7195}, 
 month={Oct},
}

@techreport{goldenrule,
  title={Partitioning in avionics architectures: Requirements, mechanisms, and assurance},
  author={Rushby, John},
  year={2000},
  institution={DTIC Document}
}

@inproceedings{goldenruleinvariant,
  title={Invariant performance: A statement of task isolation useful for embedded application integration},
  author={Wilding, Matthew M and Hardin, David S and Greve, David A},
  booktitle={Dependable Computing for Critical Applications 7, 1999},
  pages={287--300},
  year={1999},
  organization={IEEE}
}

@book{computerarchitecture,
  title={Computer architecture: a quantitative approach},
  author={Patterson, David A},
  year={2011},
  publisher={Elsevier}
}
%------------------------------------------------------------------------
